
@article{plumbing,
  title = {The Plumbing of Interactive Graphics},
  volume = {24},
  issn = {0943-4062, 1613-9658},
  url = {https://link.springer.com/article/10.1007/s00180-008-0116-x},
  doi = {10.1007/s00180-008-0116-x},
  abstract = {What is a pipeline, and why do we need one for interactive graphics? This conceptual paper attempts to answer these questions, building on previous work. A pipeline controls the transformation from data to graphical objects on our screens, and we argue that the pipeline must be present, in some form, in all graphics software. The pipeline is made explicit in descendants of DataViewer.},
  timestamp = {2017-04-29T05:18:35Z},
  langid = {english},
  number = {2},
  journaltitle = {Computational Statistics},
  shortjournal = {Comput Stat},
  author = {Wickham, Hadley and Lawrence, Michael and Cook, Dianne and Buja, Andreas and Hofmann, Heike and Swayne, Deborah F.},
  urldate = {2017-04-29},
  date = {2009-05-01},
  pages = {207--215},
  file = {Snapshot:/Users/shanlee/Library/Application Support/Zotero/Profiles/m0qjaaq6.default/zotero/storage/JMW29MXA/10.html:text/html}
}

@article{Lawrence,
  title = {Extending the {{GGobi}} Pipeline from {{R}}},
  volume = {24},
  issn = {0943-4062, 1613-9658},
  url = {https://link-springer-com.ezproxy.auckland.ac.nz/article/10.1007/s00180-008-0115-y},
  doi = {10.1007/s00180-008-0115-y},
  abstract = {This paper describes progress towards developing a platform for rapid prototyping of interactive data visualizations, using R, GGobi, rggobi and RGtk2. GGobi is a software tool for multivariate intera},
  timestamp = {2017-05-15T06:48:12Z},
  langid = {english},
  number = {2},
  journaltitle = {Computational Statistics},
  shortjournal = {Comput Stat},
  author = {Lawrence, Michael and Wickham, Hadley and Cook, Dianne and Hofmann, Heike and Swayne, Deborah F.},
  urldate = {2017-05-15},
  date = {2009-05-01},
  pages = {195--205},
  file = {Full Text PDF:/Users/shanlee/Library/Application Support/Zotero/Profiles/m0qjaaq6.default/zotero/storage/XUFVI8KZ/Lawrence et al. - 2009 - Extending the GGobi pipeline from R.pdf:application/pdf;Snapshot:/Users/shanlee/Library/Application Support/Zotero/Profiles/m0qjaaq6.default/zotero/storage/JDCT4W2M/s00180-008-0115-y.html:text/html}
}

@book{GDA,
	title={Graphical data analysis with R},
	author={Unwin, Antony},
	volume={27},
	year={2015},
	publisher={CRC Press}
}

@Book{EDA,
	author = "John W. Tukey",
	title = "Exploratory Data Analysis",
	publisher = "Addison-Wesley",
	year = 	 "1977",
}

@Book{Mass,
	title = {Modern Applied Statistics with S},
	author = {W. N. Venables and B. D. Ripley},
	publisher = {Springer},
	edition = {Fourth},
	address = {New York},
	year = {2002},
	note = {ISBN 0-387-95457-0},
	url = {http://www.stats.ox.ac.uk/pub/MASS4},
}

@book{Cook,
	author = {Cook, Dianne and Swayne, Deborah F.},
	title = {Interactive and Dynamic Graphics for Data Analysis With R and GGobi},
	year = {2007},
	isbn = {0387717617, 9780387717616},
	edition = {1st},
	publisher = {Springer Publishing Company, Incorporated},
} 

@article {blindfold,
	author = {Wickham, Hadley and Cook, Dianne and Hofmann, Heike},
	title = {Visualizing statistical models: Removing the blindfold},
	journal = {Statistical Analysis and Data Mining: The ASA Data Science Journal},
	volume = {8},
	number = {4},
	publisher = {Wiley Subscription Services, Inc., A Wiley Company},
	issn = {1932-1872},
	url = {http://dx.doi.org/10.1002/sam.11271},
	doi = {10.1002/sam.11271},
	pages = {203--225},
	keywords = {model visualization, exploratory data analysis, data mining, classification, high-dimensional data},
	year = {2015},
}

@inproceedings{Lang,
	title={GGobi meets R: an extensible environment for interactive dynamic data visualization},
	author={Lang, Duncan Temple and Swayne, Deborah F},
	booktitle={Proceedings of DSC},
	pages={2},
	year={2001}
}

@article{tourr,
	title={tourr: An R package for exploring multivariate data with projections},
	author={Wickham, Hadley and Cook, Dianne and Hofmann, Heike and Buja, Andreas and others},
	journal={Journal of Statistical Software},
	volume={40},
	number={2},
	pages={1--18},
	year={2011},
	publisher={Foundation for Open Access Statistics},
	url = {http://www.jstatsoft.org/v40/i02/}
}

@article{pipe,
	title = {The plumbing of interactive graphics},
	volume = {24},
	issn = {0943-4062, 1613-9658},
	url = {https://link.springer.com/article/10.1007/s00180-008-0116-x},
	doi = {10.1007/s00180-008-0116-x},
	abstract = {What is a pipeline, and why do we need one for interactive graphics? This conceptual paper attempts to answer these questions, building on previous work. A pipeline controls the transformation from data to graphical objects on our screens, and we argue that the pipeline must be present, in some form, in all graphics software. The pipeline is made explicit in descendants of DataViewer.},
	language = {en},
	number = {2},
	urldate = {2017-04-29},
	journal = {Computational Statistics},
	author = {Wickham, Hadley and Lawrence, Michael and Cook, Dianne and Buja, Andreas and Hofmann, Heike and Swayne, Deborah F.},
	month = may,
	year = {2009},
	pages = {207--215},
	file = {Snapshot:/Users/shanlee/Library/Application Support/Zotero/Profiles/m0qjaaq6.default/zotero/storage/JMW29MXA/10.html:text/html}
}

@article{Tukey,
	title={The technical tools of statistics},
	author={Tukey, John W},
	journal={The American Statistician},
	volume={19},
	number={2},
	pages={23--28},
	year={1965},
	publisher={Taylor \& Francis}
}

@misc{ggvis,
	title = {Interactivity},
	url = {http://ggvis.rstudio.com/interactivity.html},
	author = {RStudio},
	urldate = {2017-10-23}
}

@misc{trelliscope,
	title = {trelliscopejs},
	author = {Hafen, Ryan},
	url = {https://hafen.github.io/trelliscopejs/#why_trelliscope},
	urldate = {2017-10-20}
}

@misc{tourdefrance,
	title = {Tour de {France} 100},
	url = {https://vimeo.com/101951265},
	abstract = {This video shows an interactive analysis of the data of the 100th Tour de France using graphical methods and the graphical data analysis software Mondrian},
	urldate = {2017-10-23},
	author = {Theus, Martin},
	journal = {Vimeo},
	file = {Snapshot:/Users/shanlee/Library/Application Support/Zotero/Profiles/m0qjaaq6.default/zotero/storage/T3RBXXKJ/101951265.html:text/html}
}

@misc{mondrian,
	title = {Mondrian - {Interactive} {Statistical} {Data} {Visualization} in {JAVA}},
	url = {http://www.theusrus.de/Mondrian/},
	author = {Theus, Martin},
	urldate = {2017-10-23},
	file = {Mondrian - Interactive Statistical Data Visualization in JAVA:/Users/shanlee/Library/Application Support/Zotero/Profiles/m0qjaaq6.default/zotero/storage/2UNTD4WT/Mondrian.html:text/html}
}

@misc{crosstalk,
	title = {Authoring {Crosstalk} widgets},
	url = {https://rstudio.github.io/crosstalk/authoring.html},
	author = {RStudio},
	urldate = {2017-10-23},
	year = {2017}
}

@misc{animint,
	title = {animint: animated and interactive web graphics},
	shorttitle = {animint},
	url = {https://github.com/tdhock/animint},
	author = {Hocking, Toby Dylan},
	month = oct,
	year = {2017},
	note = {original-date: 2013-02-25T00:27:47Z},
	file = {Snapshot:/Users/shanlee/Library/Application Support/Zotero/Profiles/m0qjaaq6.default/zotero/storage/DX4PW8F7/animint.html:text/html}
}

@misc{plotly,
	title = {plotly: {An} interactive graphing library for {R}},
	shorttitle = {plotly},
	url = {https://github.com/ropensci/plotly},
	author = {Seivert, Carson},
	publisher = {rOpenSci},
	month = oct,
	year = {2017},
	note = {original-date: 2013-11-21T05:56:51Z},
	keywords = {d3js, data-visualization, ggplot2, javascript, plotly, r, shiny, webgl},
	file = {Snapshot:/Users/shanlee/Library/Application Support/Zotero/Profiles/m0qjaaq6.default/zotero/storage/6DXG446V/plotly.html:text/html}
}

@book{plotlyBook,
	title = {plotly for {R}},
	url = {http://ropensci.github.io/plotly/},
	abstract = {An overview of the R package plotly},
	urldate = {2017-10-24},
	author = {Sievert, Carson},
	file = {Snapshot:/Users/shanlee/Library/Application Support/Zotero/Profiles/m0qjaaq6.default/zotero/storage/ZDAQTSID/index.html:text/html}
}

@misc{shiny,
	title = {Shiny},
	url = {https://shiny.rstudio.com/},
	author = {RStudio},
	urldate = {2017-10-23}
}

@misc{dendro,
	title = {hierarchial-dendro},
	url = {https://vimeo.com/189670650},
	abstract = {This is \&quot;hierarchial-dendro\&quot; by Carson Sievert on Vimeo, the home for high quality videos and the people who love them.},
	author = {Sievert, Carson},
	month = oct,
	year = {2016},
	file = {Snapshot:/Users/shanlee/Library/Application Support/Zotero/Profiles/m0qjaaq6.default/zotero/storage/W69TWHTR/189670650.html:text/html}
}

@misc{cran,
	title = {Releasing a package · {R} packages},
	url = {http://r-pkgs.had.co.nz/release.html#release-check},
	author = {Wickham, Hadley},
	urldate = {2017-10-28},
	file = {Releasing a package · R packages:/Users/shanlee/Library/Application Support/Zotero/Profiles/m0qjaaq6.default/zotero/storage/IJ9ZQ4TT/release.html:text/html}
}

@Manual{R,
	title = {R: A Language and Environment for Statistical Computing},
	author = {{R Core Team}},
	organization = {R Foundation for Statistical Computing},
	address = {Vienna, Austria},
	year = {2013},
	url = {http://www.R-project.org/},
}

@Manual{plotly_R,
	title = {plotly: Create Interactive Web Graphics via 'plotly.js'},
	author = {Carson Sievert and Chris Parmer and Toby Hocking and Scott Chamberlain and Karthik Ram and Marianne Corvellec and Pedro Despouy},
	year = {2017},
	note = {R package version 4.7.0},
	url = {https://CRAN.R-project.org/package=plotly},
}

@Manual{rggobi_R,
	title = {rggobi: Interface Between R and 'GGobi'},
	author = {Duncan Temple Lang and Debby Swayne and Hadley Wickham and Michael Lawrence},
	year = {2016},
	note = {R package version 2.1.21},
	url = {https://CRAN.R-project.org/package=rggobi},
}

@Manual{crosstalk_R,
	title = {crosstalk: Inter-Widget Interactivity for HTML Widgets},
	author = {Joe Cheng},
	note = {R package version 1.0.1},
	url = {https://rstudio.github.io/crosstalk/},
	year = {2017}
}

@Manual{shiny_R,
	title = {shiny: Web Application Framework for R},
	author = {Winston Chang and Joe Cheng and JJ Allaire and Yihui Xie and Jonathan McPherson},
	year = {2017},
	note = {R package version 1.0.3},
	url = {https://CRAN.R-project.org/package=shiny},
}

@Manual{ggvis_R,
	title = {ggvis: Interactive Grammar of Graphics},
	author = {Winston Chang and Hadley Wickham},
	year = {2016},
	note = {R package version 0.4.3},
	url = {https://CRAN.R-project.org/package=ggvis},
}

@Manual{animint_R,
	title = {animint: Interactive animations},
	author = {Toby Dylan Hocking and Susan VanderPlas and Carson Sievert and Kevin Ferris and Tony Tsai and Faizan Khan},
	note = {R package version 2017.01.04},
}

@Manual{trelliscopejs_R,
	title = {trelliscopejs: Create Interactive Trelliscope Displays},
	author = {Ryan Hafen and Barret Schloerke},
	note = {R package version 0.1.8},
	url = {https://github.com/hafen/trelliscopejs},
}

@Book{ggplot2_R,
	author = {Hadley Wickham},
	title = {ggplot2: Elegant Graphics for Data Analysis},
	publisher = {Springer-Verlag New York},
	year = {2016},
	isbn = {978-3-319-24277-4},
	url = {http://ggplot2.org},
}