@Manual{R-crosstalk,
  title = {crosstalk: Inter-Widget Interactivity for HTML
    Widgets},
  author = {Joe Cheng},
  note = {R package version 1.0.1},
  url = {https://rstudio.github.io/crosstalk/},
  year = {2017},
}
@Manual{R-ggplot2,
  title = {ggplot2: Create Elegant Data Visualisations Using
    the Grammar of Graphics},
  author = {Hadley Wickham and Winston Chang},
  note = {http://ggplot2.tidyverse.org, https://github.com/
    tidyverse/ggplot2},
  year = {2017},
}
@Manual{R-knitr,
  title = {knitr: A General-Purpose Package for Dynamic Report
    Generation in R},
  author = {Yihui Xie},
  year = {2017},
  note = {R package version 1.17},
  url = {https://CRAN.R-project.org/package=knitr},
}
@Manual{R-plotly,
  title = {plotly: Create Interactive Web Graphics via
    'plotly.js'},
  author = {Carson Sievert and Chris Parmer and Toby Hocking
    and Scott Chamberlain and Karthik Ram and Marianne Corvellec
    and Pedro Despouy},
  year = {2017},
  note = {R package version 4.7.0},
  url = {https://CRAN.R-project.org/package=plotly},
}
@Manual{R-shiny,
  title = {shiny: Web Application Framework for R},
  author = {Winston Chang and Joe Cheng and JJ Allaire and
    Yihui Xie and Jonathan McPherson},
  year = {2017},
  note = {R package version 1.0.3},
  url = {https://CRAN.R-project.org/package=shiny},
}
@Manual{R-tourr,
  title = {tourr: Implement Tour Methods in R Code},
  author = {Dianne Cook and Hadley Wickham},
  year = {2014},
  note = {R package version 0.5.4},
  url = {https://CRAN.R-project.org/package=tourr},
}
