
@online{_trelliscopejs_,
  title = {Trelliscopejs},
  url = {https://hafen.github.io/trelliscopejs/#why_trelliscope},
  timestamp = {2017-10-20T22:12:52Z},
  urldate = {2017-10-20}
}

@online{_mondrian_,
  title = {Mondrian - {{Interactive Statistical Data Visualization}} in {{JAVA}}},
  url = {http://www.theusrus.de/Mondrian/},
  timestamp = {2017-10-23T20:54:17Z},
  urldate = {2017-10-23},
  file = {Mondrian - Interactive Statistical Data Visualization in JAVA:/Users/shanlee/Library/Application Support/Zotero/Profiles/m0qjaaq6.default/zotero/storage/2UNTD4WT/Mondrian.html:text/html}
}

@online{_authoring_,
  title = {Authoring {{Crosstalk}} Widgets},
  url = {https://rstudio.github.io/crosstalk/authoring.html},
  timestamp = {2017-10-23T20:55:52Z},
  urldate = {2017-10-23}
}

@software{hocking_animint_2017,
  title = {Animint: Animated and Interactive Web Graphics},
  url = {https://github.com/tdhock/animint},
  shorttitle = {Animint},
  timestamp = {2017-10-23T20:56:16Z},
  author = {Hocking, Toby Dylan},
  date = {2017-10-14},
  file = {Snapshot:/Users/shanlee/Library/Application Support/Zotero/Profiles/m0qjaaq6.default/zotero/storage/DX4PW8F7/animint.html:text/html},
  origdate = {2013-02-25}
}

@software{_plotly_2017,
  title = {Plotly: {{An}} Interactive Graphing Library for {{R}}},
  url = {https://github.com/ropensci/plotly},
  shorttitle = {Plotly},
  timestamp = {2017-10-23T20:57:37Z},
  publisher = {{rOpenSci}},
  date = {2017-10-23},
  keywords = {d3js,data-visualization,ggplot2,javascript,plotly,r,shiny,webgl},
  file = {Snapshot:/Users/shanlee/Library/Application Support/Zotero/Profiles/m0qjaaq6.default/zotero/storage/6DXG446V/plotly.html:text/html},
  origdate = {2013-11-21}
}

@online{_shiny_,
  title = {Shiny},
  url = {https://shiny.rstudio.com/},
  timestamp = {2017-10-23T21:08:44Z},
  urldate = {2017-10-23}
}

@online{_tour_,
  title = {Tour de {{France}} 100},
  url = {https://vimeo.com/101951265},
  abstract = {This video shows an interactive analysis of the data of the 100th Tour de France using graphical methods and the graphical data analysis software Mondrian},
  timestamp = {2017-10-23T21:30:23Z},
  journaltitle = {Vimeo},
  urldate = {2017-10-23},
  file = {Snapshot:/Users/shanlee/Library/Application Support/Zotero/Profiles/m0qjaaq6.default/zotero/storage/T3RBXXKJ/101951265.html:text/html}
}

@online{_interactivity_,
  title = {Interactivity},
  url = {http://ggvis.rstudio.com/interactivity.html},
  timestamp = {2017-10-23T21:46:42Z},
  urldate = {2017-10-23}
}

@video{sievert_hierarchialdendro_2016,
  title = {Hierarchial-Dendro},
  url = {https://vimeo.com/189670650},
  abstract = {This is \&quot;hierarchial-dendro\&quot; by Carson Sievert on Vimeo, the home for high quality videos and the people who love them.},
  timestamp = {2017-10-23T21:52:48Z},
  director = {Sievert, Carson},
  date = {2016-10-31/2016-10},
  file = {Snapshot:/Users/shanlee/Library/Application Support/Zotero/Profiles/m0qjaaq6.default/zotero/storage/W69TWHTR/189670650.html:text/html}
}

@online{_crosstalk_,
  title = {Crosstalk},
  url = {https://rstudio.github.io/crosstalk/},
  timestamp = {2017-10-23T23:03:09Z},
  urldate = {2017-10-23}
}

@book{sievert_plotly_,
  title = {Plotly for {{R}}},
  url = {http://ropensci.github.io/plotly/},
  abstract = {An overview of the R package plotly},
  timestamp = {2017-10-24T03:39:51Z},
  author = {Sievert, Carson},
  urldate = {2017-10-24},
  file = {Snapshot:/Users/shanlee/Library/Application Support/Zotero/Profiles/m0qjaaq6.default/zotero/storage/ZDAQTSID/index.html:text/html}
}

@online{_releasing_,
  title = {Releasing a Package · {{R}} Packages},
  url = {http://r-pkgs.had.co.nz/release.html#release-check},
  timestamp = {2017-10-28T02:52:59Z},
  urldate = {2017-10-28},
  file = {Releasing a package · R packages:/Users/shanlee/Library/Application Support/Zotero/Profiles/m0qjaaq6.default/zotero/storage/IJ9ZQ4TT/release.html:text/html}
}


