@misc{noauthor_animint_nodate,
	title = {animint tutorial},
	url = {https://tdhock.github.io/animint/#introduction},
	urldate = {2017-10-20},
	note = {bibtex: \_animint\_}
}

@misc{noauthor_ggvis_nodate,
	title = {ggvis 0.4 overview},
	url = {http://ggvis.rstudio.com/},
	urldate = {2017-10-20}
}

@misc{noauthor_trelliscopejs_nodate,
	title = {trelliscopejs},
	url = {https://hafen.github.io/trelliscopejs/#why_trelliscope},
	urldate = {2017-10-20}
}

@misc{says_statistical_nodate,
	title = {Statistical {Graphics} and more » {Blog} {Archive} » {The} {Tour} is over – long live the {Tour}!},
	url = {http://www.theusrus.de/blog/the-tour-is-over-long-live-the-tour/},
	urldate = {2017-10-20},
	author = {says, Gudmund},
	file = {Snapshot:/Users/shanlee/Library/Application Support/Zotero/Profiles/m0qjaaq6.default/zotero/storage/X4KT5BQC/the-tour-is-over-long-live-the-tour.html:text/html}
}