
@misc{ggvis,
	title = {ggvis 0.4 overview},
	url = {http://ggvis.rstudio.com/},
	urldate = {2017-10-20}
}

@misc{trelliscope,
	title = {trelliscopejs},
	url = {https://hafen.github.io/trelliscopejs/#why_trelliscope},
	urldate = {2017-10-20}
}

@misc{tourdefrance,
	title = {Statistical {Graphics} and more » {Blog} {Archive} » {The} {Tour} is over – long live the {Tour}!},
	url = {http://www.theusrus.de/blog/the-tour-is-over-long-live-the-tour/},
	urldate = {2017-10-20},
	author = {says, Gudmund},
	file = {Snapshot:/Users/shanlee/Library/Application Support/Zotero/Profiles/m0qjaaq6.default/zotero/storage/X4KT5BQC/the-tour-is-over-long-live-the-tour.html:text/html}
}

@misc{mondrian,
	title = {Mondrian - {Interactive} {Statistical} {Data} {Visualization} in {JAVA}},
	url = {http://www.theusrus.de/Mondrian/},
	urldate = {2017-10-23},
	file = {Mondrian - Interactive Statistical Data Visualization in JAVA:/Users/shanlee/Library/Application Support/Zotero/Profiles/m0qjaaq6.default/zotero/storage/2UNTD4WT/Mondrian.html:text/html}
}

@misc{crosstalk,
	title = {Authoring {Crosstalk} widgets},
	url = {https://rstudio.github.io/crosstalk/authoring.html},
	urldate = {2017-10-23}
}

@misc{animint,
	title = {animint: animated and interactive web graphics},
	shorttitle = {animint},
	url = {https://github.com/tdhock/animint},
	author = {Hocking, Toby Dylan},
	month = oct,
	year = {2017},
	note = {original-date: 2013-02-25T00:27:47Z},
	file = {Snapshot:/Users/shanlee/Library/Application Support/Zotero/Profiles/m0qjaaq6.default/zotero/storage/DX4PW8F7/animint.html:text/html}
}

@misc{plotly,
	title = {plotly: {An} interactive graphing library for {R}},
	shorttitle = {plotly},
	url = {https://github.com/ropensci/plotly},
	publisher = {rOpenSci},
	month = oct,
	year = {2017},
	note = {original-date: 2013-11-21T05:56:51Z},
	keywords = {d3js, data-visualization, ggplot2, javascript, plotly, r, shiny, webgl},
	file = {Snapshot:/Users/shanlee/Library/Application Support/Zotero/Profiles/m0qjaaq6.default/zotero/storage/6DXG446V/plotly.html:text/html}
}

@misc{shiny,
	title = {Shiny},
	url = {https://shiny.rstudio.com/},
	urldate = {2017-10-23}
}