
@book{sievert_plotly_nodate,
	title = {plotly for {R}},
	url = {http://ropensci.github.io/plotly/},
	abstract = {An overview of the R package plotly},
	urldate = {2017-10-24},
	author = {Sievert, Carson},
	file = {Snapshot:/Users/shanlee/Library/Application Support/Zotero/Profiles/m0qjaaq6.default/zotero/storage/ZDAQTSID/index.html:text/html}
}